<record><leader>00000cas a2200000 a 4500</leader><controlfield tag="001">12212825</controlfield><controlfield tag="008">850628d19011954ksuwr ne      0    0eng d</controlfield><datafield ind1=" " ind2=" " tag="010"><subfield code="a">sn 85030655 </subfield></datafield><datafield ind1=" " ind2=" " tag="040"><subfield code="a">KSH</subfield><subfield code="b">eng</subfield><subfield code="c">KSH</subfield><subfield code="d">NPT</subfield><subfield code="d">OCL</subfield><subfield code="d">OCLCQ</subfield></datafield><datafield ind1=" " ind2=" " tag="042"><subfield code="a">msc</subfield></datafield><datafield ind1="0" ind2="4" tag="245"><subfield code="a">The Pratt union.</subfield></datafield><datafield ind1=" " ind2=" " tag="260"><subfield code="a">Pratt, Kan. :</subfield><subfield code="b">S.P. Gebhart,</subfield><subfield code="c">1901-1954.</subfield></datafield><datafield ind1=" " ind2=" " tag="300"><subfield code="a">53 v. :</subfield><subfield code="b">ill. ;</subfield><subfield code="c">54 cm.</subfield></datafield><datafield ind1=" " ind2=" " tag="310"><subfield code="a">Weekly</subfield></datafield><datafield ind1="0" ind2=" " tag="362"><subfield code="a">Vol. 15, no. 41 (June 13, 1901)-v. 67, no. 26 (Dec. 31, 1954).</subfield></datafield><datafield ind1=" " ind2=" " tag="500"><subfield code="a">Published by: Mrs. S.P. Gebhart, Sept. 26, 1935-July 20, 1939; S.P. Gebhart Estate, July 27, 1939-Sept. 29, 1949; Tribune Pub. Co., Inc. Oct. 6, 1949-Dec. 31, 1954.</subfield></datafield><datafield ind1=" " ind2=" " tag="500"><subfield code="a">Democratic.</subfield></datafield><datafield ind1=" " ind2=" " tag="752"><subfield code="a">United States</subfield><subfield code="b">Kansas</subfield><subfield code="c">Pratt</subfield><subfield code="d">Pratt.</subfield></datafield><datafield ind1="0" ind2="0" tag="780"><subfield code="t">Pratt County union</subfield><subfield code="w">(DLC)sn 85030648</subfield></datafield><datafield ind1="0" ind2="6" tag="780"><subfield code="t">Pratt republican (Pratt, Kan. : 1905)</subfield><subfield code="g">Sept. 10, 1925</subfield><subfield code="w">(DLC)sn 85030649</subfield></datafield><datafield ind1="0" ind2="0" tag="785"><subfield code="t">Pratt daily tribune</subfield><subfield code="w">(DLC)sn 85030651</subfield></datafield></record>